@article {explicit-ridc,
   author    = {Christlieb, A. and Macdonald, C. and Ong, B.},
   title     = {Parallel High-Order Integrators},
   journal   = {SIAM J.~Sci.~Comput.},
   fjournal  = {Siam Journal on Scientific Computing},
   Year      = {2010},
   volume    = {32},
   number    = {2},
   pages     = {818--835},
   publisher = {SIAM Journals},
}

@article{implicit-ridc,
    AUTHOR = {Christlieb, A. and Ong, B.},
     TITLE = {Implicit parallel time integrators},
   JOURNAL = {J.~Sci.~Comput.},
  FJOURNAL = {Journal of Scientific Computing},
    VOLUME = {49},
      YEAR = {2011},
    NUMBER = {2},
     PAGES = {167--179},
      ISSN = {0885-7474},
     CODEN = {JSCOEB},
   MRCLASS = {65L05 (65Y05)},
  MRNUMBER = {2837106},
       DOI = {10.1007/s10915-010-9452-4},
       URL = {http://dx.doi.org/10.1007/s10915-010-9452-4},
}

@book {TW05,
    AUTHOR = {Toselli, A. and Widlund, O.},
     TITLE = {Domain decomposition methods---algorithms and theory},
    SERIES = {Springer Series in Computational Mathematics},
    VOLUME = {34},
 PUBLISHER = {Springer-Verlag},
   ADDRESS = {Berlin},
      YEAR = {2005},
     PAGES = {xvi+450},
      ISBN = {3-540-20696-5},
   MRCLASS = {65-02 (65N55 74S05 76M10)},
  MRNUMBER = {2104179 (2005g:65006)},
MRREVIEWER = {R{\'e}mi Vaillancourt},
}

@book {Tarek08,
    AUTHOR = {Mathew, T.},
     TITLE = {Domain decomposition methods for the numerical solution of
              partial differential equations},
    SERIES = {Lecture Notes in Computational Science and Engineering},
    VOLUME = {61},
 PUBLISHER = {Springer-Verlag},
   ADDRESS = {Berlin},
      YEAR = {2008},
     PAGES = {xiv+764},
      ISBN = {978-3-540-77205-7},
   MRCLASS = {65-02 (65M55 65N55 74S30 76M25)},
  MRNUMBER = {2445659 (2010b:65006)},
MRREVIEWER = {Karsten Urban},
       DOI = {10.1007/978-3-540-77209-5},
       URL = {http://dx.doi.org/10.1007/978-3-540-77209-5},
}

@article {ridc-dd,
   author    = {Christlieb, A. and Haynes, R. and Ong, B.},
   title     = {A Parallel Space-Time Algorithm},
   journal   = {SIAM J. Sci. Comput.},
   fjournal  = {Siam Journal on Scientific Computing},
   Year      = {2012},
   volume    = {34},
   number    = {5},
   pages     = {233--248},
   publisher = {SIAM Journals},
}

@InProceedings{ridc-dd-implementation,
  author = 	 {Haynes, R. and Ong, B.},
  title = 	 {A Hybrid {MPI-OpenMP} algorithm for the parallel
                  space-time solution of Time Dependent {PDE}s},
  OPTcrossref =  {},
  OPTkey = 	 {},
  booktitle = {Domain Decomposition Methods in Science and Engineering XXI},
  OPTpages = 	 {},
  year = 	 {2013},
  OPTeditor = 	 {},
  OPTvolume = 	 {},
  OPTnumber = 	 {},
  OPTseries = 	 {},
  OPTaddress = 	 {},
  OPTmonth = 	 {},
  OPTorganization = {},
  OPTpublisher = {},
  note = 	 {to appear},
  OPTannote = 	 {}
}

